@article{jolliffe2016principal,
  title={Principal component analysis: a review and recent developments},
  author={Jolliffe, Ian T. and Cadima, Jorge},
  journal={Philosophical Transactions of the Royal Society A: Mathematical, Physical and Engineering Sciences},
  volume={374},
  number={2065},
  pages={20150202},
  year={2016},
  publisher={The Royal Society},
  doi={10.1098/rsta.2015.0202},
  url={https://doi.org/10.1098/rsta.2015.0202}
}

@article{wold1987principal,
  title={Principal component analysis},
  author={Wold, Svante and Esbensen, Kim and Geladi, Paul},
  journal={Chemometrics and Intelligent Laboratory Systems},
  volume={2},
  number={1-3},
  pages={37--52},
  year={1987},
  publisher={Elsevier},
  doi={10.1016/0169-7439(87)80084-9}
}

@article{ringner2008pca,
  title={What is principal component analysis?},
  author={Ringn{\'e}r, Markus},
  journal={Nature Biotechnology},
  volume={26},
  number={3},
  pages={303--304},
  year={2008},
  publisher={Nature Publishing Group},
  doi={10.1038/nbt0308-303}
}

@article{jia1999segmented,
  title={Segmented principal components transformation for efficient hyperspectral remote sensing image display and classification},
  author={Jia, Xue and Richards, John A. and Zhang, Yanfeng},
  journal={IEEE Transactions on Geoscience and Remote Sensing},
  volume={37},
  number={1},
  pages={538--542},
  year={1999},
  publisher={IEEE},
  doi={10.1109/36.739156}
}

@article{abdi2010pca,
  title={Principal component analysis},
  author={Abdi, Herv{\'e} and Williams, Lynne J.},
  journal={Wiley Interdisciplinary Reviews: Computational Statistics},
  volume={2},
  number={4},
  pages={433--459},
  year={2010},
  publisher={Wiley Online Library},
  doi={10.1002/wics.101}
}

@article{lever2017pca,
  title={Points of Significance: Principal component analysis},
  author={Lever, Jake and Krzywinski, Martin and Altman, Naomi},
  journal={Nature Methods},
  volume={14},
  number={7},
  pages={641--642},
  year={2017},
  publisher={Nature Publishing Group},
  doi={10.1038/nmeth.4346}
}

@article{nguyen2019dimred,
  title={Ten quick tips for effective dimensionality reduction},
  author={Nguyen, Lam H. and Holmes, Susan},
  journal={PLOS Computational Biology},
  volume={15},
  number={6},
  pages={e1006907},
  year={2019},
  publisher={Public Library of Science},
  doi={10.1371/journal.pcbi.1006907}
}

@article{shlens2014tutorial,
  title={A tutorial on principal component analysis},
  author={Shlens, Jonathon},
  journal={arXiv preprint arXiv:1404.1100},
  year={2014},
  url={https://arxiv.org/abs/1404.1100}
}
